

@inproceedings{Design,
	author = "Clark, D.",
	title = "{The Design Philosophy of the DARPA Internet Protocols}",
	crossref = "sigcomm1988",
        pages = "109--114"
}

@inproceedings{Architecture,
	author = "Clark, D. and Tennenhouse, D.",
	title = "{Architectural Consideration for a New Generation of Protocols}",
	crossref = "sigcomm1990",
        pages = "200--208"
}

@inproceedings{DNS,
  title = "{DNS Performance and the Effectiveness of Caching}",
  author = {Jaeyeon Jung and Emil Sit and Hari Balakrishnan and Robert Morris},
  crossref = "imw2001"
}


@InProceedings{OSPF-Mon,
  author = 	 {Aman Shaikh and Albert Greenberg},
  title = 	 "{{OSPF} Monitoring: Architecture, Design, and Deployment Experience}",
  crossref = "nsdi2004",
  pages = {57--70}
}


@InProceedings{Valiant,
  author = 	 {Rui Zhang-Shen and Nick McKeown},
  title = 	 "{Designing a Predictable Internet Backbone Network}",
  crossref = "hotnets2003",
}


@InProceedings{Variable,
  author = 	 {Murali Kodialam and T. V. Lakshman and and Sudipta Sengupta},
  title = 	 "{Efficient and Robust Routing of Highly Variable Traffic}",
  crossref = "hotnets2003",
}



@InProceedings{Deflections,
  author = 	 {Xiaowei Yang and David Wetherall},
  title = 	 "{Source Selectable Path Diversity via Routing Deflections}",
  crossref = "sigcomm2006",
  pages = {159--170}
}




@Article{GR,
  author = 	 {Lixin Gao and Jennifer Rexford},
  title = 	 {Stable {I}nternet routing without global coordination},
  journal = 	 TON,
  year = 	 2001,
  pages = 	 {681--692},
  month = 	 dec,
}

@Article{S-BGP,
 author = "S. Kent and C. Lynn and K. Seo",
 title = "{Secure Border Gateway Protocol ({S-BGP})}", 
 journal = JSAC,
 volume = 18,
 number = 4,
 year = 2000,
 month = apr,
 pages = {582--592}
}



@InProceedings{Xu:Flow,
  author = 	 {A. Kmumar and M. Sung and J. Xu and J. Wang},
  title = 	 "{Data Streaming Algorithms for Efficient and Accurate Estimation of Flow Distribution}",
  crossref =  "sigmetrics2004",
}


@inproceedings{rcc,
        author = {Nick Feamster and Hari Balakrishnan},
	title = "{Detecting BGP Configuration Faults with Static Analysis}",
        crossref = "nsdi2005",
        pages = {43--56}
}

@inproceedings{PlanetLab,
  author =       {Andy Bavier and others},
  title =        "{Operating System Support for Planetary-Scale Network Services}",
  crossref = "nsdi2004",
}



@inproceedings{VINI,
  author =       {Andy Bavier and Nick Feamster and Mark Huang and Larry Peterson and Jennifer Rexford},
  title =        "{In VINI Veritas: Realistic and Controlled Network Experimentation}",
  crossref = "sigcomm2006",
}



@inproceedings{Paxson:Measurement,
  author = "Vern Paxson",
  title = "Strategies for Sound {I}nternet Measurement",
  crossref = "imc2004"
}

@article{Paxson:Routing,
  author = 	 {Vern Paxson},
  title = 	 "{End to End Routing Behavior in the Internet}",
  journal = 	 TON,
  year = 	 1997,
  month = oct,
  volume = 	 {5},
  number = 	 {5},
  pages = 	 {601--615},
}

@article{Difficulties,
  author = 	 {Sally Floyd and Vern Paxson},
  title = 	 "{Difficulties in Simulating the Internet}",
  journal = 	 TON,
  year = 	 2001,
  month = aug,
  volume = 	 {9},
  number = 	 {4},
  pages = 	 {392--403},
}




@article{Huston:BGPSec,
  author = 	 {Geoff Huston},
  title = 	 {Securing Inter-Domain Routing},
  journal = 	 {The ISP Column},
  year = 	 {2005},
  month = 	 mar,
  note = 	 {\url{http://www.potaroo.net/ispcol/2005-03/route-sec-2-ispcol.pdf}},
}

@inproceedings{PCA,
  author	= {Anukool Lakhina and Konstantina Papagiannaki and Mark Crovella and Christophe Diot and Eric D. Kolaczyk and Nina Taft},
  title		= {Structural Analysis of Network Traffic Flows},
  crossref = "sigmetrics2004",
  pages		= {61--72},
}


@inproceedings{Akella,
  title = "Multihoming Performance Benefits: An Experimental Evaluation of Practical Enterprise Strategies",
  author = "Aditya Akella and Srinivasan Seshan and Anees Shaikh",
  crossref = "usenix2004"
}

@inproceedings{MONET,
   author = {David G. Andersen and Hari Balakrishnan and M. Frans Kaashoek
	and Rohit Rao},
   title = {Improving {W}eb Availability for Clients with {MONET}},
   booktitle = {Proc. 2nd Symposium on Networked Systems Design and
	Implementation (NSDI)},
   address = {Boston, MA},
   month = may,
   year = {2005}
}

@inproceedings{TVA,
   author = {Xiaowei Yang and David Wetherall and Thomas Anderson},
   title = {A {DoS-limiting} Network Architecture},
   booktitle = {{Proc. ACM SIGCOMM}},
   address = {Philladelphia, {PA}},
   month = aug,
   year = {2005}
}


@inproceedings{Own,
   author = {Stuart Staniford and Vern Paxson and Nicholas Weaver},
   title = {How to 0wn the {I}nternet in Your Spare Time},
   booktitle = {{Proc. 11th USENIX Security Symposium}},
   address = {{San Francisco, CA}},
   month = aug,
   year = {2002}
}

@inproceedings{Spam,
  author =       {Anirudh Ramachandran and Nick Feamster},
  title =        "{Understanding the Network-Level Behavior of Spammers}",
  crossref = "sigcomm2006",
}



@inproceedings{RON,
  author = "David G. Andersen and Hari Balakrishnan and M. Frans Kaashoek and Robert Morris",
  title = "{Resilient Overlay Networks}",
  crossref = "sosp2001",
  pages = {131--145},
}


@inproceedings{SOSR,
  author = "Krishna P. Gummadi, Harsha V. Madhyastha, Steven D. Gribble, Henry M. Levy, and David Wetherall",
  title = "{Improving the Reliability of Internet Paths with One-hop Source Routing}",
  crossref = "osdi2004",
  pages = {183--198},
}


@inproceedings{Infranet,
  author =       {Nick Feamster and Magdalena Balazinska and Greg Harfst and Hari Balakrishnan and David Karger},
  title =        "{Infranet: Circumventing Web Censorship and Surveillance}",
  crossref =     "usenixsec2002"
}


@inproceedings{Botnets,
  author =       {David Dagon and Cliff Zhou and Wenke Lee},
  title =        "{Modelling Botnet Propagation Using Timezones}",
  crossref =     "ndss2006"
}

@inproceedings{Chord,
  title = {Chord: A Scalable Peer-to-peer Lookup Service for {I}nternet Applications},
  author = {Ion Stoica and Robert Morris and David Karger and M. Frans Kaashoek and Hari Balakrishnan},
  crossref = "sigcomm2001"
}

@inproceedings{DF,
  title = {A digital fountain approach to reliable distribution of bulk data},
  author = {John Byers and Michael Luby and Michael Mitzenmacher and Ashutosh Rege},
  crossref = "sigcomm1998",
}


@article{50GB,
  author = 	 {Craig Partridge and Others},
  title = 	 "{A 50-Gb/s IP router}",
  journal = 	 TON,
  year = 	 1998,
  month = Jun,
  volume = 	 {6},
  number = 	 {3},
  pages = 	 {237--248},
}




@inproceedings{ETX,
  title = {A High-Throughput Path Metric for Multi-Hop Wireless Routing},
  author = {Douglas S. J. {De Couto} and Daniel Aguayo and John Bicket and Robert Morris},
  crossref = "mobicom2003"
}


@inproceedings{EXOR,
  title = {Opportunistic Routing in Multi-Hop Wireless Networks},
  author = {Sanjit Biswas and Robert Morris},
  crossref = "sigcomm2005"
}

@inproceedings{CSFQ,
  author = {I. Stoica and S. Shenker and and H. Zhang}, 
  title = "{Core -Stateless Fair Queueing: Achieving Approximately Fair Allocations in High Speed Networks}",
  crossref = "sigcomm1998"
}



@Article{Shenker95,
  author = 	 {S. Shenker},
  title = 	 {Fundamental Design Issues for the Future Internet},
  journal = 	 {Journal on Selected Areas in Communications},
  year = 	 1995,
  volume = 	 13,
  number = 	 7,
  pages = 	 {1176--1188},
  month = 	 sep,
}

@article{ Fortz,
  author = "B. Fortz and J. Rexford and M. Thorup",
  title = "{Traffic engineering with traditional IP routing protocols}",
  journal = "{IEEE Communications Magazine}",
  month = oct,
  year = 2002
}

@inproceedings{speakup,
   author =       "Michael Walfish and Mythili Vutukuru and Hari Balakrishnan and David Karger and Scott Shenker",
   title =        "{DDoS Defense by Offense}",
   booktitle =    {ACM SIGCOMM 2006},
   year =         {2006},
   month =        {September},
   address =      {Pisa, Italy}
}

%%%%%%%%%%%%%%%%%%%%%%%%%%%%%%%%%%%%%%%%%%%%%%%%%%%%%%%%%%%%
% CS 6262 - Security Readings


@InProceedings{Thompson1984,
  author = 	 {Ken Thompson},
  title = 	 "{Reflections on trusting trust}",
  booktitle = {Communications of the ACM},
  pages = 	 761--763,
  year = 	 1984,
  volume = 	 27,
  number = 	 8,
  address = 	 {New York, NY},
  month = 	 {Aug},
}

@Article{Denning1976,
  author = 	 {Dorothy E. Denning},
  title = 	 {A lattice model of secure information flow },
  journal = CACM,
  pages = 	 {236--243},
  year = 	 1976,
  volume = 	 {19},
  number = 	 {5},
  month = 	 may,
  publisher = {ACM Press},
}


@inproceedings{Mazieres1999,
  author = "David Mazi{\`e}res and Michael Kaminsky and M. Frans Kaashoek and Emmett Witchel",
  title = "Separating key management from file system security",
  crossref = "sosp1999",
  pages = {124--139},
}

@inproceedings{Yin2007,
 author = "Heng Yin and Dawn Song and Manuel Egele and Christopher Kruegel and Engin Kirda",
 title = "Panorama: capturing system-wide information flow for malware detection and analysis",
 crossref = "ccs2007",
 pages = {116--127}
}

@conference{Saltzer1975,
  title={{The protection of information in computer systems}},
  author={Saltzer, J.H. and Schroeder, M.D.},
  booktitle={IEEE, Proceedings},
  volume={63},
  pages={1278--1308},
  year={1975}
}

@conference{Cowan1998,
  title={{StackGuard: automatic adaptive detection and prevention of buffer-overflow attacks}},
  author={Cowan, C. and Pu, C. and Maier, D. and Hintony, H. and Walpole, J. and Bakke, P. and Beattie, S. and Grier, A. and Wagle, P. and Zhang, Q.},
  booktitle={Proceedings of the 7th USENIX Security Symposium},
  year={1998},
}

@conference{Anderson1993,
  title={{Why cryptosystems fail}},
  author={Anderson, R.},
  booktitle={Proceedings of the 1st ACM conference on Computer and communications security},
  pages={215--227},
  year={1993},
}

@conference{Zeldovich2006,
  title={{Making information flow explicit in HiStar}},
  author={Zeldovich, N. and Boyd-Wickizer, S. and Kohler, E. and Mazieres, D.},
  booktitle={Proc. 7th OSDI},
  year={2006}
}


@inproceedings{Andersen2008,
  author = "David G. Andersen and Hari Balakrishnan and Nick Feamster and Teemu Koponen and Daekyeong Moon and Scott Shenker",
  title = "Accountable {I}nternet Protocol ({AIP})",
  crossref = "sigcomm2008",
}


@conference{Dingledine2004,
  title={{Tor: the second-generation onion router}},
  author={Dingledine, R. and Mathewson, N. and Syverson, P.},
  booktitle={Proceedings of the 13th conference on USENIX Security Symposium},
  year={2004},
}

@conference{Paxson1998,
  title={{Bro: a system for detecting network intruders in real-time}},
  author={Paxson, V.},
  booktitle={Proceedings of the 7th conference on USENIX Security Symposium},
  year={1998},
}

@article{Provos2007,
  title={{The Ghost In The Browser Analysis of Web-based Malware}},
  author={Provos, N. and McNamee, D. and Mavrommatis, P. and Wang, K. and Modadugu, N.}
}

@conference{Mazieres1998,
  title={{The design, implementation and operation of an email pseudonym server}},
  author={Mazi{\`e}res, D. and Kaashoek, M.F.},
  booktitle={Proceedings of the 5th ACM conference on Computer and communications security},
  pages={27--36},
  year={1998},
}

@conference{Goldberg2008-1,
  title ={{Path-Quality Monitoring in the Presence of Adversaries}},
  author={Sharon Goldberg and others},
  crossref = "sigmetrics2008"
}

@conference{Goldberg2008-2,
  title = {Protocols and Lower Bounds for Failure Localization in the Internet},
  author = {Boaz Barak and others},
  crossref = "eurocrypt2008"
}


%%%%%%%%%%%%%%%%%%%%%%%%%%%%%%%%%%%%%%%%%%%%%%%%%%%%%%%%%%%%
% Proceedings

@proceedings{sigcomm1988,
  booktitle = SIGCOMM,  
  address = "{Stanford, CA}",
  month = Aug, 
  year = 1988
}

@proceedings{sigcomm1990,
  booktitle = SIGCOMM,  
  address = "{Philadelphia, PA}",
  month = sep, 
  year = 1990
}

@proceedings{sigcomm1998,
  booktitle = SIGCOMM,  
  address = "{Vancouver, British Columbia, Canada}",
  month = sep, 
  year = 1990
}


@proceedings{sigcomm2001,
  booktitle = SIGCOMM,  
  address = "{San Diego, CA}",
  month = aug, 
  year = 2001
}


@proceedings{sigcomm2005,
  booktitle = SIGCOMM,  
  address = "{Philadelphia, PA}",
  month = aug, 
  year = 2005
}

@proceedings{sigcomm2006,
  booktitle = SIGCOMM,  
  address = "{Pisa, Italy}",
  month = sep, 
  year = 2006
}



@proceedings{usenix2004,
  booktitle = USENIXTECH,  
  address = {Boston, MA},
  month = jun, 
  year = 2004
}

@proceedings{nsdi2005,
  booktitle = {Proc. 2nd Symposium on Networked Systems Design and Implementation (NSDI)},
  address = {Boston, MA},
  month = may, 
  year = 2005
}


@proceedings{usenixsec2002,
  booktitle = "{Proc. 11th USENIX Security Symposium}",
  address = "{San Francisco, CA}",
  month = aug, 
  year = 2002
}

@proceedings{sosp2001,
  booktitle = "{Proc. 18th ACM Symposium on Operating Systems Principles (SOSP)}",
  address = "{Banff, Canada}",
  month = oct, 
  year = 2001
}

@proceedings{nsdi2004,
  booktitle = {Proc. First Symposium on Networked Systems Design and Implementation (NSDI)},
  address = {San Francisco, CA},
  month = mar, 
  year = 2004
}

@proceedings{imw2001,
  booktitle = "Proc. {ACM SIGCOMM} Internet Measurement Workshop",
  address = "San Fransisco, {CA}",
  month=nov, 
  year=2001
}

@proceedings{imc2004,
  booktitle = "{Proc. {ACM SIGCOMM} Internet Measurement Conference}",
  address = {Taormina, Sicily, Italy},
  month = oct, 
  year = 2004
}



@proceedings{sigmetrics2004,
  booktitle = SIGMETRICS,  
  address = {New York, NY},
  month = jun, 
  year = 2004
}

@proceedings{sigmetrics2008,
  booktitle = SIGMETRICS,  
  address = {Annapolis, MD},
  month = jun, 
  year = 2008
}


@proceedings{eurocrypt2008,
  booktitle = EUROCRYPT,  
  address = {Istanbul, Turkey},
  month = apr, 
  year = 2008
}





@proceedings{ndss2006,
  booktitle = NDSS,  
  address = {San Diego, CA},
  month = feb, 
  year = 2006
}

@proceedings{mobicom2003,
  booktitle = {Proceedings of the 9th {ACM} International Conference on Mobile Computing and Networking ({MobiCom} '03)},
  year = {2003},
  month = Sep,
}


@proceedings{osdi2004,
  booktitle = {OSDI},
  year = 2004,
  month = Dec,
}

@proceedings{hotnets2003,
  booktitle = {HotNets},
  year = 2003,
  month = Nov,
}


@proceedings{sosp1999,
  booktitle = "{Proc. 17th ACM Symposium on Operating Systems Principles (SOSP)}",
  address = {Kiawah Island, SC},
  month = dec, 
  year = 1999
}

@proceedings{ccs2007,
 booktitle = "{Proceedings of the ACM Conference on Computer and Communications Security (CCS)}",
 address = {Alexandria, VA},
 month = oct, 
 year = 2007
}

@proceedings{sigcomm2008,
  booktitle = SIGCOMM, address="Seattle, {WA}",
  month = aug, year = 2008
}
